@book{lamport1994latex,
  title={LaTeX: A Document Preparation System},
  author={Lamport, Leslie},
  year={1994},
  publisher={Addison-Wesley}
}

@book{knuth1984texbook,
  title={The TeXbook},
  author={Knuth, Donald E.},
  year={1984},
  publisher={Addison-Wesley}
}

@article{goossens1994latex,
  title={The LaTeX Companion},
  author={Goossens, Michel and Mittelbach, Frank and Samarin, Alexander},
  journal={Addison-Wesley Series on Tools and Techniques for Computer Typesetting},
  year={1994},
  volume={1},
  pages={100--110}
}

@article{einstein1905does,
  title={Does the inertia of a body depend upon its energy content?},
  author={Einstein, Albert},
  journal={Annalen der Physik},
  volume={18},
  number={13},
  pages={639--641},
  year={1905},
  publisher={Wiley Online Library}
}

@online{latexwebsite,
  author={LaTeX Project},
  title={Official LaTeX Project Website},
  year={2024},
  url={https://www.latex-project.org/},
  note={Accessed: 2024-10-16}
}

@inproceedings{smith2015latex,
  title={A Comprehensive Guide to LaTeX Typesetting},
  author={Smith, John and Doe, Jane},
  booktitle={Proceedings of the International Conference on Typesetting and Typography},
  year={2015},
  pages={55--67}
}

@misc{doe2024guide,
  author = {Doe, John},
  title = {A Beginner's Guide to LaTeX},
  year = {2024},
  note = {Unpublished manuscript}
}